@online{icpc2025,
  author    = {{International Collegiate Programming Contest}},
  title     = {ICPC Global},
  year      = {2025},
  url       = {https://icpc.global/},
  urldate   = {2025-05-31}
}

@book{weiss2020data,
  author    = {Mark Allen Weiss},
  title     = {Data Structures and Algorithm Analysis},
  year      = {2020},
  publisher = {Pearson},
  note      = {Retrieved from \url{https://www.uoitc.edu.iq/images/documents/informatics-institute/Competitive_exam/DataStructures.pdf}}
}
